<record><leader>00000cas a22000007a 4500</leader><controlfield tag="001">14472548</controlfield><controlfield tag="008">861022d18861898paudn ne      0    0eng d</controlfield><datafield ind1=" " ind2=" " tag="010"><subfield code="a">sn 86081916 </subfield></datafield><datafield ind1=" " ind2=" " tag="040"><subfield code="a">NPH</subfield><subfield code="b">eng</subfield><subfield code="c">NPH</subfield><subfield code="d">OCLCQ</subfield></datafield><datafield ind1=" " ind2=" " tag="042"><subfield code="a">msc</subfield></datafield><datafield ind1="0" ind2=" " tag="130"><subfield code="a">Daily local news (Huntingdon, Pa.)</subfield></datafield><datafield ind1="1" ind2="4" tag="245"><subfield code="a">The daily local news.</subfield></datafield><datafield ind1=" " ind2=" " tag="260"><subfield code="a">Huntingdon, Pa. :</subfield><subfield code="b">Hugh Lindsay,</subfield><subfield code="c">1886-1898.</subfield></datafield><datafield ind1=" " ind2=" " tag="300"><subfield code="a">12 v. ;</subfield><subfield code="c">51 cm.</subfield></datafield><datafield ind1=" " ind2=" " tag="310"><subfield code="a">Daily (except Sunday)</subfield></datafield><datafield ind1="0" ind2=" " tag="362"><subfield code="a">No. 1, (Mar. 12, 1886)-no. 299 (Mar. 12, 1898).</subfield></datafield><datafield ind1=" " ind2=" " tag="515"><subfield code="a">Issues for -Mar. 12, 1898 called also -v. 12.</subfield></datafield><datafield ind1=" " ind2=" " tag="580"><subfield code="a">Also issued in a semiweekly editon called: Semi-weekly news (Huntingdon, Pa.).</subfield></datafield><datafield ind1=" " ind2=" " tag="752"><subfield code="a">United States</subfield><subfield code="b">Pennsylvania</subfield><subfield code="c">Huntingdon</subfield><subfield code="d">Huntingdon.</subfield></datafield><datafield ind1="1" ind2=" " tag="775"><subfield code="t">Semi-weekly news (Huntingdon, Pa.)</subfield><subfield code="w">(DLC)sn 86081730</subfield></datafield></record>